2518 3973
1037 739 1463 796 PRAEFATIO

302 885 584 925 ROPERTIO
604 885 646 924 in
666 884 988 937 recognoscendo
1007 884 1186 936 primum
1214 897 1259 923 ea
1279 884 1462 923 subsidia
1481 884 1742 924 adhibuimus
1762 899 1866 937 quae
1886 887 2087 938 congessit
2106 886 2306 926 Aemilius

194 886 292 1015 Ρ
328 948 537 986 Baehrens
557 948 600 986 in
620 948 797 986 editione
818 948 1100 986 Teubneriana
1119 961 1154 985 a.
1178 947 1294 985 1880.
1353 947 1458 985 Sunt
1478 952 1615 986 autem
1635 949 1733 987 haec
1750 965 1758 988 z

433 1010 475 1048 N
529 1010 652 1048 codex
667 1009 963 1060 Neapolitanus
983 1009 1050 1048 uel
1069 1009 1418 1060 Guelferbytanus
1438 1009 1546 1048 inter
1565 1011 1776 1050 Gudianos
1797 1012 1885 1050 224.
1944 1012 2078 1051 deficit
2090 1026 2171 1051 uno
2185 1013 2307 1051 inter-

180 1070 293 1121 lapso
313 1071 412 1109 folio
431 1071 474 1108 in
494 1071 558 1109 IV
577 1072 618 1108 xi
638 1070 772 1109 17-76.

283 1132 322 1170 A
378 1133 500 1171 codex
519 1133 746 1170 Vossianus
767 1132 817 1170 38
839 1146 937 1172 saec.
959 1134 1074 1172 XIV.
1130 1134 1264 1172 deficit
1283 1138 1377 1184 post
1396 1135 1443 1172 II
1462 1133 1475 1172 i
1494 1135 1557 1174 43.

283 1197 318 1234 F
373 1197 497 1235 codex
517 1197 816 1235 Laurentianus
836 1195 939 1247 plut.
963 1196 1024 1234 36.
1046 1197 1111 1240 49,
1134 1209 1235 1234 saec.
1256 1196 1361 1234 XIV
1386 1197 1570 1235 exeuntis
1590 1197 1658 1235 uel
1679 1198 1758 1237 XV
1776 1198 2016 1250 incipientis.
2074 1213 2176 1251 quae
2192 1200 2241 1238 de
2261 1213 2306 1238 eo

177 1257 296 1297 aliter
332 1272 378 1297 ac
416 1259 624 1297 Baehrens
662 1259 910 1303 rettulimus,
945 1271 992 1296 ea
1028 1258 1072 1296 in
1114 1258 1203 1309 ipso
1240 1258 1374 1297 codice
1409 1259 1469 1297 ita
1508 1259 1657 1310 scripta
1694 1264 1829 1300 extare
1866 1262 2111 1300 testimoniis
2149 1263 2305 1300 utimur

179 1320 436 1371 Margaretae
455 1321 605 1359 Alford
624 1320 952 1359 accuratissimis.

282 1383 321 1420 D
377 1383 504 1421 codex
523 1383 834 1421 Dauentriensis
855 1381 958 1420 1792
981 1395 1078 1421 saec.
1100 1382 1192 1421 XV.
1249 1382 1382 1421 deficit
1400 1382 1443 1420 in
1462 1383 1485 1420 Ι
1504 1383 1518 1420 i
1538 1383 1647 1420 1—ii
1668 1383 1729 1422 13.

282 1443 320 1481 V
375 1445 497 1483 codex
526 1445 1041 1484 Ottoboniano-Vaticanus
1075 1457 1196 1495 quem
1226 1444 1433 1482 Baehrens
1462 1457 1562 1484 saec,
1592 1445 1708 1490 XIV,
1734 1446 1803 1484 alii
1833 1460 1931 1486 saec.
1961 1447 2040 1485 XV
2070 1447 2193 1486 medii
2221 1460 2306 1486 esse

176 1506 408 1545 uoluerunt.

282 1574 444 1620 praeter
462 1569 561 1608 haec
581 1569 846 1607 adhibuimus

282 1631 316 1668 L
372 1631 547 1669 codicem
580 1631 899 1669 Holkhamicum
931 1630 1021 1674 333,
1048 1643 1084 1668 a.
1120 1629 1223 1667 1421
1260 1629 1469 1681 scriptum,
1503 1631 1610 1670 inter
1639 1631 1764 1670 libros
1802 1632 1960 1670 comitis
1994 1631 2043 1670 de
2078 1632 2309 1684 Leycestria

175 1691 446 1731 Holkhamiae
467 1697 687 1730 seruatum.
744 1693 849 1730 liber
868 1692 1040 1730 mutilus
1059 1706 1083 1730 a
1103 1692 1149 1730 ΙΙ
1167 1693 1233 1730 xxi
1253 1693 1276 1730 3
1296 1692 1450 1743 incipit.

282 1754 408 1792 huius
437 1754 533 1792 libri
561 1755 805 1793 uarietatem
833 1768 858 1793 a
888 1754 1005 1792 nobis
1034 1754 1134 1805 ipsis
1163 1767 1373 1793 excussam
1399 1754 1553 1805 publici
1574 1755 1675 1792 iuris
1694 1755 1866 1794 fecimus
1890 1757 2169 1794 Transactions
2189 1757 2233 1805 of
2246 1757 2306 1794 the

179 1816 406 1867 Cambridff
438 1817 700 1867 Philoloqical
729 1818 883 1866 Society
911 1821 1010 1855 tom.
1044 1816 1107 1854 IV
1135 1816 1233 1855 fasc.
1263 1816 1290 1855 i.
1346 1816 1513 1855 uidetur
1541 1830 1588 1855 ex
1616 1817 1764 1855 codicis
1795 1817 2061 1855 Laurentiani
2089 1818 2304 1868 exemplari

175 1879 414 1928 profluxisse
434 1879 636 1930 duplicem
655 1880 736 1917 iam
763 1883 1032 1917 correcturam
1053 1892 1184 1929 passo,
1203 1879 1374 1917 alteram
1394 1892 1440 1917 ex
1459 1883 1628 1929 cognato
1651 1879 1828 1930 quodam
1849 1879 2157 1917 Dauentriensis
2184 1884 2306 1930 atque

175 1940 655 1980 Ottobom'ano-Vaticani
676 1942 823 1986 codice,
844 1941 1014 1979 alteram
1035 1954 1082 1978 ex
1108 1941 1371 1991 Neapolitani
1393 1941 1583 1980 similiore
1603 1942 1838 1992 profectam.
1896 1941 2007 1991 quod
2034 1955 2130 1980 caue
2150 1942 2186 1980 ei
2204 1943 2307 1980 uitio

174 2007 323 2047 uertas,
346 2003 495 2054 quippe
515 2003 587 2054 qui
606 2003 758 2041 ueteris
778 2003 996 2041 memoriae
1016 2002 1300 2053 undecumque
1319 2003 1536 2053 repetitam
1556 2004 1677 2041 fidem
1698 2003 1884 2053 religiose
1906 2004 2155 2042 seruaue1·it.¹

280 2068 382 2109 tum,
402 2069 450 2102 ut
470 2065 621 2103 uulnus
641 2065 901 2116 Neapolitani
921 2065 1220 2115 quodammodo
1241 2065 1496 2108 resarciatur,
1517 2065 1781 2103 adhibuimus
1802 2065 1855 2103 ad
1873 2065 1934 2103 IV
1953 2065 1993 2103 xi
2014 2064 2134 2104 17-76

279 2142 307 2172 μ
366 2127 544 2165 codicem
563 2127 800 2165 Parisinum
820 2127 925 2165 8233
947 2127 1031 2164 siue
1052 2132 1061 2147 ‘
1074 2126 1373 2164 Memmianum
1387 2126 1395 2142 '
1417 2140 1452 2165 a.
1475 2126 1578 2165 1465
1599 2127 1797 2178 scriptum

282 2205 301 2225 v
358 2189 535 2227 codicem
554 2189 797 2227 Vrbinatem
818 2188 894 2226 641
917 2201 1015 2226 saec.
1037 2188 1126 2227 XV.

280 2263 454 2300 quorum
473 2254 645 2302 uterque
665 2255 706 2289 et
725 2251 776 2288 ab
791 2251 932 2289 eodem
948 2251 1065 2301 quasi
1084 2251 1200 2289 fonte
1220 2250 1331 2289 haud
1350 2250 1474 2289 dubie
1494 2251 1774 2302 profluxerunt
1794 2255 1834 2290 et
1852 2251 2134 2302 cognationem
2154 2265 2245 2290 Cum
2265 2252 2304 2290 N

172 2311 325 2350 habent
353 2313 556 2350 artiorem.
613 2313 760 2351 horum
788 2313 955 2351 alterius
984 2326 1102 2351 nemo
1132 2313 1266 2351 adhuc
1295 2314 1494 2352 rationem
1523 2314 1681 2357 habuit,
1702 2314 1752 2352 de
1773 2313 1970 2352 Vrbinate
1990 2327 2086 2352 uero
2104 2315 2302 2352 nonnulla

172 2373 400 2424 disputauit
421 2373 590 2412 Carolus
607 2374 763 2412 Hosius
782 2375 923 2413 Rhein.
938 2376 1041 2413 Mus.
1059 2374 1160 2413 1891
1176 2388 1242 2425 pp.
1262 2374 1338 2413 577
1356 2389 1443 2426 sqq.
1501 2376 1777 2414 ‘Memmiani'
1792 2376 1994 2420 lectiones,
2012 2376 2121 2427 quod
2141 2377 2305 2427 quidem

173 2435 226 2473 ad
262 2435 325 2473 IV
353 2435 367 2473 i
395 2434 517 2473 17-76
548 2437 707 2481 attinet,
740 2436 1034 2474 humanissime
1071 2437 1188 2474 nobis
1226 2437 1290 2475 uir
1328 2438 1509 2476 codicum
1544 2438 1817 2488 peritissimus
1854 2437 2054 2477 Aemilius
2092 2439 2305 2477 Chatelain

173 2497 397 2548 exscripsit,
418 2498 631 2536 Vrbinatis
650 2512 748 2537 uero
770 2498 929 2537 suffecit
949 2499 1129 2537 Thomae
1150 2499 1247 2537 Wil.
1269 2499 1403 2545 Allen,
1425 2500 1570 2538 adfinis
1590 2500 1729 2544 nostri,
1749 2500 1992 2550 benignitas.

280 2573 403 2610 supra
421 2560 621 2599 dictorum
641 2561 824 2599 codicum
852 2574 1070 2599 consensus
1097 2561 1413 2614 adfinitatesque
1443 2562 1657 2601 breuitatis
1679 2575 1798 2601 causa
1816 2575 1886 2613 per
1906 2566 2023 2601 notas
2042 2563 2101 2601 ita
2120 2562 2304 2601 distinxi-

174 2632 266 2658 mus
287 2624 334 2658 ut
353 2621 396 2658 in
415 2621 553 2672 aliqua
571 2621 742 2660 lectione

279 2687 309 2720 ‹1›
366 2684 590 2722 consentire
609 2684 733 2722 libros
753 2683 791 2721 A
807 2684 841 2721 F
860 2684 927 2722 uel
949 2684 1027 2722 FL

279 2749 311 2782 Δ
368 2745 592 2783 consentire
611 2745 736 2783 libros
756 2746 795 2783 D
811 2746 849 2784 V

278 2807 315 2843 (⁷)
371 2807 595 2845 consentire
615 2806 646 2844 Φ
660 2811 701 2845 et
721 2808 752 2845 Δ

278 2867 313 2904 Ω
368 2869 595 2907 consentire
616 2869 650 2908 O
670 2873 711 2908 et
730 2869 770 2907 N
794 2869 883 2918 (uel
902 2870 936 2909 O
954 2874 994 2908 et
1012 2887 1041 2917 μ
1066 2872 1103 2920 υ)
1126 2871 1334 2910 indicaret.

278 2930 517 2968 minusculis
539 2944 700 2982 quoque
724 2932 872 2970 litteris
896 2933 1035 2971 eadem
1057 2933 1106 2971 de
1130 2946 1251 2971 causa
1271 2934 1334 2972 usi
1356 2947 1496 2973 sumus
1517 2938 1564 2972 ut

278 3004 317 3035 n,
338 2992 367 3035 f,
389 2991 416 3035 l,
436 2992 475 3035 d,
495 3005 521 3029 v
575 2992 765 3031 lectiones
785 2993 827 3031 in
846 2994 886 3031 N
901 2994 934 3031 F
947 2994 980 3031 L
993 2995 1031 3032 D
1047 2994 1084 3032 V
1103 2995 1257 3033 codices
1278 3009 1302 3033 a
1318 2996 1615 3045 corrigentibus
1634 2996 1784 3034 inlatas
1805 2996 2092 3047 significarent.

277 3053 431 3091 accedit
450 3053 515 3091 his
534 3054 837 3093 Baehrensiana
856 3055 926 3093 illa
946 3060 1044 3094 nota

257 3145 268 3164 ¹
293 3146 418 3179 eadem
439 3157 484 3179 ex
508 3147 645 3189 origine
661 3147 698 3180 in
715 3148 945 3182 chartaceum
962 3160 1104 3192 quoque
1121 3150 1277 3183 codicem
1302 3151 1507 3183 Parisinum
1531 3152 1626 3191 7989,
1643 3162 1673 3184 a.
1698 3153 1780 3184 1423
1803 3151 2031 3193 descriptum,
2052 3152 2213 3194 Properti
2231 3163 2302 3185 car-

171 3197 270 3229 mina
281 3199 378 3237 (nam
396 3197 459 3230 alii
471 3209 614 3241 quoque
630 3202 795 3233 auctores
811 3200 861 3232 ibi
878 3200 1003 3233 insunt
1019 3211 1063 3234 ex
1081 3201 1212 3243 quibus
1229 3202 1365 3235 Tibulli
1381 3202 1576 3235 lectionum
1592 3203 1808 3235 uarietatem
1826 3202 2077 3235 Lachmannus
2094 3202 2129 3235 in
2146 3203 2303 3236 editione

171 3258 237 3280 sua
248 3247 427 3288 adhibuit,
443 3249 657 3283 recentiores
670 3250 891 3291 abiecerunt)
903 3252 1044 3285 uenisse
1057 3252 1236 3285 uidentur.
1277 3253 1334 3286 hic
1348 3253 1522 3286 nonnulla
1534 3253 1643 3287 habet
1656 3264 1737 3286 cum
1753 3253 1993 3286 Holkhamico
2006 3254 2094 3286 miro
2107 3254 2211 3286 modo
2224 3265 2302 3287 con-

170 3299 356 3341 spirantia,
376 3299 478 3333 uelut
494 3300 585 3333 illud
605 3304 612 3318 ‘
626 3301 781 3334 latreus'
797 3302 841 3335 de
862 3313 934 3345 quo
949 3314 1002 3346 op.
1021 3303 1081 3336 cit.
1104 3314 1159 3346 pp.
1180 3306 1233 3345 30,
1252 3307 1294 3338 40
1317 3305 1595 3347 disputauimns.
1645 3304 1884 3347 interpolatus
1908 3305 2051 3347 quidem
2077 3309 2131 3338 est
2154 3316 2194 3338 ac
2218 3316 2302 3338 non-

170 3349 279 3382 nullis
295 3349 381 3382 locis
397 3351 569 3384 audacius
586 3355 627 3384 ut
643 3352 679 3385 in
698 3352 751 3386 IV
766 3355 796 3387 2.
817 3355 859 3386 29
879 3354 1037 3386 ‘sobrius
1059 3354 1104 3387 ad
1126 3355 1219 3388 lites.
1268 3357 1356 3388 uitis
1372 3356 1564 3399 vtzz'lcc‘pone
1580 3367 1747 3389 coronam
1758 3356 1776 3389 ’.
1822 3358 1943 3388 tamen
1961 3360 2080 3398 potest
2096 3357 2172 3389 fieri
2189 3361 2231 3389 ut
2248 3357 2303 3389 hic

169 3399 244 3433 illic
268 3400 484 3434 traditarum
508 3412 530 3434 a
552 3405 578 3433 Φ
604 3403 798 3437 lectionum
824 3405 980 3447 uestigia
1004 3405 1132 3438 melius
1158 3406 1399 3439 Holkhaniico
1420 3407 1479 3440 uel
1501 3407 1746 3440 Laurentiano
1762 3407 1973 3446 seruauerit,
1994 3411 2035 3439 ut
2054 3408 2089 3439 II
2109 3408 2139 3441 7.
2156 3409 2175 3440 3
2194 3410 2201 3424 ‘
2217 3408 2289 3450 qui,

173 3453 181 3468 ‘
194 3451 231 3483 ni
243 3451 250 3464 '
267 3451 313 3491 N,
335 3452 436 3494 ‘quis
450 3452 457 3466 '
474 3453 502 3485 F
518 3464 599 3486 cum
616 3457 700 3488 cett.
747 3455 800 3489 IV
817 3458 846 3489 9.
867 3458 908 3489 45
928 3459 936 3474 ‘
951 3456 1074 3499 aliqua
1088 3457 1095 3471 '
1118 3457 1172 3498 (F,
1202 3459 1210 3474 ‘
1222 3457 1379 3500 aliquem
1392 3458 1399 3471 '
1417 3459 1444 3491 L
1461 3469 1542 3492 cuni
1559 3462 1673 3498 cett),
1700 3458 1746 3491 ib.
1767 3460 1808 3491 52
1835 3461 1843 3476 ‘
1857 3459 1976 3491 uicta’
2001 3459 2057 3498 (F,
2086 3461 2094 3476 ‘
2106 3459 2230 3492 iuncta
2245 3459 2250 3471 ³
2278 3459 2303 3490 L

171 3513 252 3535 cum
269 3505 380 3543 cett.).
