2518 3973
57 230 92 263 iv
981 224 1270 258 PRAEFATIO

166 361 189 380 ς
243 356 324 394 qua
343 343 394 381 ab
413 341 483 380 illo
502 339 735 379 inchoantur
756 343 778 358 ‘⁴
791 336 1043 375 coniecturae
1072 334 1270 373 Italorum
1290 333 1334 371 in
1354 332 1559 371 codicibus
1578 332 1831 384 interpolatis
1852 332 2034 372 obuiae.'’
2089 332 2185 372 hinc

60 406 183 444 etiam
211 405 304 443 illae
332 405 522 443 lectiones
551 402 823 453 prouenerunt
851 411 953 449 quae
982 398 1033 435 ab
1053 397 1088 434 Ω
1108 398 1380 446 discrepantes
1410 408 1491 432 non
1518 395 1729 433 nominato
1760 399 1923 433 auctore
1953 396 1996 433 in
2026 398 2185 433 textum

59 471 239 517 receptae
260 470 367 511 sunt,
384 465 558 515 exceptis
579 462 789 514 perpaucis
809 474 923 511 quae,
940 460 1048 497 unde
1069 458 1265 502 uenerint,
1285 470 1415 507 neque
1435 457 1641 495 Baehrens
1662 457 1799 496 docuit
1819 461 1859 495 et
1879 471 1951 495 nos
1970 457 2183 495 nescimus.

58 530 197 567 eadem
218 529 340 566 etiam
360 529 402 565 in
416 527 449 564 Ω
466 526 668 565 codicibus
688 523 888 561 breuitate
904 521 967 558 usi
980 521 1343 571 quotienscumque
1363 519 1573 556 lectionem
1588 519 1760 556 alicuius
1774 520 1816 556 in
1830 519 2090 557 adnotatione
2104 532 2184 556 non

60 590 465 629 commemorauimus
485 587 655 626 eandem
674 588 747 622 aut
765 585 849 621 fere
869 583 1037 621 eandem
1057 594 1102 619 ac
1115 593 1218 631 quae
1238 580 1282 617 in
1301 583 1416 617 textu
1437 582 1562 617 staret
1581 580 1762 630 intellegi
1781 580 1999 618 noluimus.
2048 581 2091 617 in
2107 593 2187 630 quo

60 653 183 691 etiam
203 652 308 689 illud
327 650 574 689 monendum
595 652 655 686 est
675 659 779 697 quae
798 645 839 682 in
859 647 975 682 textu
994 642 1198 681 inclinat-is
1220 642 1305 679 siue
1324 641 1470 679 italicis
1488 641 1636 679 litteris
1656 642 1838 692 inpressa
1858 646 1965 686 sunt,
1986 655 2125 680 eorum
2145 642 2187 679 in

58 714 171 751 nullo
192 727 238 751 ex
257 712 291 749 Ω
310 712 511 750 codicibus
531 723 580 748 ne
599 707 822 757 uestigium
842 705 1006 756 quidem
1026 704 1107 741 iam
1124 715 1220 741 esse.

166 778 228 812 tot
256 774 436 812 codicum
465 771 675 809 uarietatis
705 769 838 819 copias
867 767 1058 804 in-breue
1089 763 1460 814 coegimus-recisa
1486 777 1579 801 cum
1607 764 1926 815 corruptelarum
1953 764 2187 815 uulgarium

61 836 337 880 multitudine,
357 839 447 872 tum
471 834 648 871 maxima
670 835 785 882 parte
811 842 949 868 eorum
977 841 1081 878 quae
1108 839 1275 865 suorum
1296 826 1480 864 codicum
1501 826 1587 863 siue
1606 826 1649 863 in
1668 830 1823 864 textum
1844 826 2072 864 intulerunt
2102 828 2188 865 siue

61 899 102 936 in
130 898 312 947 margine
341 897 641 946 adscripserunt
669 895 698 937 f,
719 893 757 942 d,
778 905 803 928 v
831 904 979 941 manus·
1004 888 1306 940 emendatrices,
1331 887 1503 940 seruatis
1532 892 1668 925 tamen
1694 888 1805 943 haud
1832 889 1891 925 ita
1918 889 2056 938 paucis
2085 902 2188 939 quae

60 961 240 1011 ipsorum
261 959 442 998 codicum
461 962 649 996 naturam
679 960 717 994 et
746 954 868 991 fidem
897 952 1043 990 clarius
1071 951 1306 988 indicarent.
1365 953 1405 987 et
1434 949 1528 986 fidei
1556 949 1750 999 quoniam
1769 949 1986 987 incidimus
2006 950 2049 988 in
2077 963 2188 988 men-

60 1023 225 1065 tionem,
247 1021 358 1058 haud
386 1020 438 1058 ab
464 1033 505 1057 re
531 1019 710 1057 alienum
729 1016 894 1053 uidetur
913 1027 1017 1065 quae
1037 1014 1086 1052 de
1104 1014 1179 1051 hac
1198 1025 1240 1050 re
1259 1011 1394 1049 fusius
1414 1011 1456 1048 in
1475 1024 1538 1061 op.
1560 1011 1625 1048 cit.
1646 1024 1712 1061 pp.
1738 1010 1785 1049 73
1808 1025 1865 1062 sq.
1886 1012 2189 1062 disputauimus

61 1084 127 1121 1116
148 1083 383 1121 summatim
403 1083 563 1120 referre.
620 1080 663 1118 hi
690 1078 816 1129 igitur
842 1078 884 1115 in
909 1075 1096 1126 Properti
1116 1074 1364 1113 carminibus
1383 1076 1507 1111 testes
1526 1073 1767 1123 respiciendi
1788 1077 1895 1111 sunt.
1952 1074 2084 1123 primo
2103 1065 2191 1111 leco

62 1145 356 1195 Neapolitanus
372 1143 421 1182 de
441 1143 554 1181 cuius
574 1144 706 1179 aetate
723 1144 763 1178 et
779 1139 1019 1177 auctoritate
1034 1136 1336 1188 peruersissime
1355 1135 1555 1172 iudicauit
1569 1135 1776 1173 Baehrens
1792 1136 1897 1174 sicut
1909 1136 2095 1186 pluribus
2109 1136 2189 1173 iam

62 1207 199 1245 uisum
214 1210 274 1244 est
289 1223 296 1253 3
317 1207 426 1244 1111116
438 1205 587 1242 librum
602 1202 753 1254 triplici
767 1205 916 1239 natura
929 1213 1014 1238 esse
1027 1199 1250 1237 tenendum
1265 1201 1326 1235 est
1339 1210 1430 1234 cum
1446 1196 1525 1234 alia
1536 1209 1627 1234 cum
1640 1195 1670 1232 Φ
1682 1197 1973 1235 consentientia
1987 1197 2191 1248 praebeat,

62 1268 142 1305 alia
158 1281 248 1305 cum
260 1272 303 1310 Δ,
313 1267 392 1304 alia
404 1279 500 1303 uero
514 1279 605 1304 cum
619 1268 774 1302 neutro.
808 1264 996 1313 deinceps
1006 1261 1035 1298 Φ
1044 1265 1084 1300 et
1094 1261 1253 1311 Aquasi
1267 1259 1456 1309 stirpium
1469 1259 1664 1297 memoria
1677 1260 1854 1298 eruenda
1867 1263 1939 1305 est,
1949 1260 2192 1310 comparatis

61 1330 167 1367 inter
195 1342 235 1367 se
262 1328 514 1378 singulorum
538 1327 609 1377 qui
638 1327 689 1364 ab
714 1326 793 1364 illis
822 1325 1016 1374 originem
1046 1323 1251 1361 duxerunt
1280 1321 1461 1360 codicum
1490 1321 1743 1365 testimoniis,
1764 1321 1957 1371 neglectis
1976 1335 2070 1359 uero
2092 1334 2194 1371 quae

63 1391 203 1428 intulit
219 1394 445 1428 correctura
459 1390 538 1427 nisi
552 1402 653 1440 quae
672 1387 871 1426 nonnulla
890 1387 932 1423 in
951 1387 984 1424 F
1005 1389 1277 1424 correctorum
1296 1383 1453 1434 primus
1477 1383 1589 1430 (nam
1609 1397 1739 1420 unum
1758 1387 1923 1420 tantum
1942 1396 2029 1421 esse
2048 1396 2192 1434 parum

62 1457 167 1491 recte
186 1453 344 1492 rettulit
364 1453 570 1490 Baehrens
589 1455 636 1489 ut
656 1452 707 1489 ab
726 1451 866 1488 eadem
887 1450 944 1486 M.
966 1448 1115 1486 Alford
1134 1446 1370 1494 didicimus)
1394 1444 1611 1494 exemplari
1639 1457 1780 1482 rursus
1806 1444 1987 1494 inspecto
2006 1445 2192 1482 emenda-

62 1518 189 1553 uerat.
246 1515 385 1565 itaque
406 1514 592 1565 quotiens
613 1513 712 1563 quid
732 1513 774 1549 in
794 1511 824 1548 Φ
845 1511 1041 1561 scriptum
1060 1509 1187 1547 fuerit
1206 1507 1438 1558 requiritur,
1459 1505 1743 1557 perpendenda
1761 1509 1857 1544 sunt
1874 1506 2074 1544 librorum
2093 1506 2142 1549 A,
2160 1506 2193 1543 F

66 1580 177 1628 (cum
196 1579 214 1615 f
232 1592 279 1616 ex
299 1579 432 1628 parte)
454 1578 493 1615 N
508 1578 542 1615 L
561 1575 804 1615 testimonia.
863 1574 973 1624 quod
995 1586 1089 1611 uero
1112 1572 1165 1610 ad
1184 1572 1223 1609 D
1236 1572 1275 1610 V
1295 1571 1455 1614 attinet,
1476 1570 1586 1620 ipsos
1615 1582 1639 1606 a
1668 1568 1845 1619 quadam
1868 1568 2005 1618 stirpis
2025 1567 2056 1604 Φ
2076 1567 2195 1618 quasi

65 1641 188 1690 stirpe
204 1641 400 1689 originem
418 1639 642 1689 simplicem
659 1638 820 1675 duxisse
841 1637 969 1686 (quod
985 1636 1191 1673 Baehrens
1209 1632 1433 1681 contendit)
1450 1645 1522 1670 nos
1539 1635 1717 1669 statuere
1731 1643 1812 1668 non
1827 1630 2086 1676 audebimus;
2116 1629 2193 1667 lec-

64 1703 194 1740 tiones
213 1715 309 1740 uero
323 1715 422 1752 quas
435 1701 630 1751 praebent
644 1700 703 1737 ita
718 1699 1014 1741 distribuimus,
1031 1701 1079 1734 ut
1095 1710 1173 1734 una
1186 1709 1280 1746 pars
1293 1707 1434 1732 earum
1451 1694 1504 1731 sit
1518 1707 1620 1744 quas
1636 1706 1729 1731 cum
1745 1691 1775 1729 Φ
1788 1705 2020 1730 communes
2041 1691 2195 1729 habent

65 1776 246 1814 quasque
270 1768 368 1801 nota
388 1763 422 1801 O
442 1762 655 1813 breuitatis
685 1774 806 1799 causa
834 1759 1173 1810 comprehendere
1202 1757 1461 1796 commodum
1491 1756 1555 1799 sit,
1585 1755 1714 1793 altera
1742 1767 1881 1792 earum
1911 1767 2016 1805 quae
2040 1754 2080 1791 N
2100 1758 2141 1792 et
2161 1754 2196 1792 L

64 1826 305 1864 auctoritate
333 1825 444 1863 haud
471 1824 697 1876 spernenda
726 1823 1028 1865 confirmantur,
1048 1821 1171 1859 tertia
1199 1832 1297 1857 uero
1325 1819 1489 1856 illarum
1516 1830 1619 1868 quae
1646 1818 1689 1854 in
1718 1816 1829 1854 nullo
1857 1816 1935 1854 alio
1961 1816 2105 1859 codice,
2127 1816 2196 1866 qui

66 1888 231 1938 quidem
259 1888 388 1925 bonus
410 1887 474 1930 sit,
495 1886 774 1936 reperiantur3
805 1897 908 1935 quae
929 1884 962 1921 si
988 1883 1122 1920 nullae
1143 1885 1289 1925 essent,
1309 1893 1476 1931 prorsus
1502 1879 1702 1917 abiciendi
1729 1882 1864 1917 essent
1892 1878 2046 1916 codices
2072 1878 2194 1915 auda-

65 1950 170 1988 ciore
198 1950 508 2000 interpolatione
536 1949 734 1987 foedatae.
790 1947 869 1984 huc
898 1959 1105 1984 accessura
1132 1948 1228 1982 sunt
1252 1942 1451 1981 nonnulla
1471 1942 1523 1980 ab
1542 1942 1561 1978 f
1580 1945 1620 1979 et
1639 1954 1664 1978 v
1683 1943 1861 1978 correcta
1882 1940 1915 1977 si
1935 1945 1957 1960 “
1970 1953 2114 1977 uerum
2134 1943 2197 1978 est

66 2011 176 2061 quod
203 2011 284 2049 Leo
313 2014 448 2049 censet
476 2010 796 2048 Laurentianum
825 2013 865 2046 et
892 2008 1138 2046 Vaticanum
1172 2020 1220 2044 ex
1248 2006 1383 2044 codice
1411 2004 1547 2054 aliquo
1576 2002 1837 2053 Neapolitani
1865 2002 1975 2039 haud
2008 2002 2197 2040 dissimili

66 2077 171 2111 certe
191 2086 272 2110 non
298 2085 344 2110 ex
364 2073 452 2123 ipso
471 2073 511 2109 N
531 2077 728 2110 correctos
748 2084 834 2109 esse
849 2070 870 2085 ''
897 2071 962 2119 (R.
987 2069 1177 2119 Solbisky
1198 2069 1243 2105 (Ze
1264 2067 1457 2104 codicibus
1473 2065 1749 2115 Propertianis
1769 2077 1807 2114 p.
1830 2063 1926 2113 172)
1949 2064 2016 2102 uel
2035 2064 2069 2101 si
2087 2076 2196 2107 uera,

66 2137 112 2171 ut
132 2138 237 2172 certe
257 2134 434 2184 suptilia,
456 2134 687 2184 disputauit
706 2132 754 2171 A.
774 2133 821 2170 E.
844 2133 1060 2170 Housman
1080 2130 1251 2169 Journal
1271 2130 1316 2179 of
1328 2129 1534 2177 Philozoqy
1554 2127 1634 2164 xxii
1653 2140 1719 2177 pp.
1743 2127 1819 2164 105
1841 2139 1950 2177 seqq.

173 2196 223 2234 de
243 2196 446 2234 codicibus
475 2195 728 2246 interpolatis
757 2195 897 2245 paucis
925 2192 1249 2242 transigendum.
1325 2190 1626 2228 Baehrensiano
1654 2189 1724 2226 illo
1753 2207 1775 2226 ς
1804 2188 2044 2226 necessitate
2070 2187 2196 2225 coacti

68 2258 249 2296 utimur:
279 2258 346 2297 ille
365 2258 473 2296 enim
493 2271 595 2308 quos
611 2258 765 2295 codices
784 2257 1015 2307 quibusque
1035 2268 1103 2293 eos
1123 2253 1377 2303 argumentis
1397 2251 1663 2301 interpolatos
1685 2251 1884 2288 iudicaret
1904 2250 2035 2288 dicere
2055 2262 2194 2299 super-

69 2320 183 2357 sedit.
227 2323 332 2358 certe
344 2320 387 2356 in
402 2333 447 2358 eo
462 2332 628 2357 numero
643 2322 738 2356 sunt
751 2318 1039 2367 Groninganus
1055 2316 1279 2354 Perusinus
1292 2314 1635 2352 Helmstadiensis
1651 2326 1825 2363 quorum
1838 2325 2004 2350 excussa
2018 2312 2196 2350 uarietas

69 2382 198 2419 doctis
228 2382 419 2420 innotuit.
487 2385 651 2425 ceteros,
681 2380 817 2430 siquid
846 2379 896 2417 de
924 2379 981 2417 eis
1010 2378 1213 2421 nouimus,
1243 2377 1375 2415 tutius
1404 2375 1675 2413 iudicauimus
1704 2387 1777 2412 suo
1805 2386 2007 2424 quemque
2036 2374 2198 2411 nomine

68 2443 213 2490 citare;
244 2443 287 2480 in
306 2444 454 2493 quibus
473 2443 691 2480 Passeratii
721 2455 880 2493 quoque
907 2441 1072 2485 codiceS,
1100 2453 1273 2490 quorum
1296 2438 1499 2481 lectiones,
1521 2450 1570 2475 ne
1597 2437 1802 2475 mentione
1826 2436 1990 2486 quidem
2016 2435 2199 2472 codicum

67 2505 230 2543 illorum
256 2506 376 2549 facta,
397 2505 624 2543 Passeratio
652 2505 729 2555 ipsi
749 2503 1053 2541 dissimulanter
1081 2501 1270 2540 attribuit
1299 2500 1517 2537 Baehrens.
1589 2511 1692 2548 quae
1715 2498 1758 2535 in
1783 2497 1929 2535 talium
1958 2509 2197 2534 commemo-

69 2567 234 2610 ratione,
257 2567 371 2605 uelut
389 2567 531 2611 aliena,
556 2566 728 2616 uirgulis
749 2566 998 2609 inclusimus,
1027 2563 1261 2603 testimonio
1281 2562 1455 2601 aliorum
1475 2574 1556 2599 non
1575 2560 1794 2612 explorato,
1816 2559 1932 2597 uelut
1956 2558 2196 2601 Burmanni,

69 2629 267 2667 nituntur.

177 2689 220 2726 in
249 2690 430 2727 uirorum
464 2690 674 2728 doctorum
698 2690 938 2728 coniecturis
962 2689 1178 2727 laudandis
1204 2687 1530 2726 Baehrensianas
1556 2685 1690 2736 copias
1716 2696 1975 2734 nequaquam
2005 2681 2198 2720 aemulati

72 2764 224 2794 sumus,
254 2751 450 2789 nonnulla
476 2755 613 2789 tamen
636 2765 739 2802 quae
758 2753 825 2790 ille
843 2756 1051 2802 spreuerat
1072 2752 1138 2789 uel
1157 2750 1489 2801 praeter-uiderat,
1509 2748 1628 2799 plura
1646 2746 1768 2784 etiam
1788 2748 1881 2796 post
1900 2744 2019 2781 illum
2038 2742 2199 2781 felicius

71 2817 272 2863 temptata
302 2814 522 2864 recepimus
551 2815 593 2851 in
622 2818 780 2852 textum
813 2814 879 2852 nel
909 2814 951 2850 in
985 2814 1091 2851 notis
1123 2811 1541 2850 commemorauimus.
1597 2810 1671 2847 has
1696 2808 1778 2845 illis
1807 2806 2071 2845 attribuimus
2096 2818 2198 2855 quos

71 2876 223 2926 primos
243 2876 445 2913 inuenisse
471 2876 537 2913 uel
565 2877 718 2926 publici
748 2877 846 2914 iuris
874 2876 1016 2914 fecisse
1046 2875 1267 2918 constabat,
1289 2873 1399 2924 quod
1426 2886 1508 2910 non
1536 2882 1790 2909 moneremus
1813 2868 1894 2906 nisi
1914 2867 2018 2905 illud
2037 2879 2200 2917 quoque

72 2938 319 2974 monendum
339 2941 454 2981 esset,
475 2951 565 2975 611111
587 2938 743 2988 aliquot
766 2951 813 2976 ex
841 2937 1081 2976 coniecturis
1106 2937 1149 2974 in
1175 2940 1332 2974 textum
1357 2934 1526 2984 receptis
1552 2933 1630 2984 ipsi
1657 2931 1967 2973 effudissemus,
1987 2932 2127 2979 postea
2146 2928 2199 2966 ab

73 3000 163 3036 aliis
196 3004 408 3049 occupatas
438 3000 694 3044 uidissemus‚
729 3000 770 3037 in
803 3000 867 3037 his
902 3004 1088 3037 nostrum
1117 3010 1266 3035 nomen
1293 2997 1382 3034 ideo
1408 3010 1490 3034 non
1518 2994 1725 3033 reticuisse
1752 3005 1803 3030 ne
1831 2991 2005 3030 alienam
2034 2993 2198 3028 tantum

74 3061 355 3098 auctoritatem
377 3062 503 3098 secuti
524 3075 609 3099 esse
630 3062 872 3100 uideremur.
931 3061 1245 3110 orthographiae
1265 3059 1473 3096 interdum
1491 3057 1606 3095 taciti
1625 3055 1903 3094 subuenimus.

179 3123 374 3160 librorum
403 3128 443 3160 et
472 3124 696 3160 carminum
725 3137 939 3161 numerum
969 3123 1232 3172 ordinemque
1263 3121 1428 3159 solitum
1458 3118 1724 3160 seruauimus,
1745 3113 2035 3152 Muellerianae
2061 3115 2198 3149 tamen

74 3184 261 3222 editionis
282 3185 462 3222 numeris
482 3185 524 3222 in
543 3185 656 3222 nullo
675 3198 801 3235 paene
822 3198 901 3222 non
918 3184 1092 3222 carmine
1105 3183 1333 3232 adscriptis.
1389 3182 1492 3218 libro
1504 3183 1668 3218 tantum
1679 3177 1811 3227 primo
1824 3175 1894 3226 qui
1909 3174 2034 3224 uulgo
2049 3173 2198 3211 dicitur

75 3259 194 3283 suum
224 3247 449 3285 CYNTmAE
478 3247 647 3284 titulum
677 3251 838 3285 auctore
867 3246 1057 3284 Martiale
1080 3245 1201 3294 (XIV
1223 3245 1318 3293 189)
1341 3243 1613 3286 reddidimus3
1643 3240 1752 3276 hunc
1783 3242 1791 3257 ‘
1808 3235 2092 3274 monobiblon’
2113 3246 2199 3272 esse

74 3311 113 3345 et
142 3308 345 3345 Martialis
366 3309 513 3347 lemma
532 3313 571 3346 et
590 3309 724 3346 AFV
744 3309 899 3346 codices
928 3308 1168 3345 documento
1198 3309 1306 3349 sunt,
1326 3305 1377 3342 cf.
1404 3305 1495 3341 Birt
1525 3305 1595 3340 das
1623 3300 1755 3337 antike
1783 3298 2022 3336 Buchwesen
2048 3309 2114 3346 pp.
2134 3295 2197 3339 80,

72 3369 162 3405 414.
220 3370 328 3418 quod
347 3371 399 3407 ad
419 3370 640 3408 secundum
660 3370 730 3419 qui
754 3370 904 3406 dicitur
930 3368 1082 3405 librum
1108 3367 1266 3410 attinet,
1288 3365 1467 3404 carmina
1486 3362 1629 3402 vii-xiii
1654 3361 1747 3399 libri
1766 3359 1877 3398 tertii
1895 3359 2022 3397 fuisse
2040 3357 2199 3407 egregia

73 3430 347 3479 disputatione
367 3432 483 3469 nobis
504 3431 782 3482 comprobauit
802 3430 1018 3474 Baehrens,
1033 3429 1241 3479 prole-(som.
1263 3441 1329 3477 pp.
1350 3438 1424 3463 XLI
1445 3439 1534 3476 sqq.

181 3497 226 3529 ut
245 3492 326 3529 iam
346 3494 397 3530 ad
421 3497 556 3531 textus
577 3492 849 3531 constituendi
868 3492 1043 3529 rationes
1064 3490 1288 3533 ueniamus,
1309 3492 1349 3526 et
1378 3488 1430 3526 ad
1459 3487 1538 3524 alia
1566 3489 1606 3523 et
1633 3485 1676 3522 in
1703 3480 1992 3532 orthographia
2017 3480 2198 3518 codicum

76 3557 316 3607 scripturam
336 3557 395 3594 ita
415 3556 706 3605 castigauimus
735 3557 782 3591 ut
810 3567 936 3605 praua
959 3552 1166 3596 eiciantur,
1188 3551 1323 3588 media
1348 3554 1389 3588 et
1412 3550 1567 3587 incerta
1591 3546 1885 3596 relinquantur.
1942 3542 1985 3581 in
2013 3541 2198 3580 uersibus
