2518 3973
999 198 1290 232 PRAEFATIO
2166 202 2217 234 vii

87 315 262 365 denique
291 314 333 352 in
364 314 559 352 ultimum
586 326 746 351 carmen
771 311 1057 362 peruenimus3
1087 309 1196 360 quod
1213 322 1294 346 non
1309 309 1553 358 attingerem
1573 309 1651 347 nisi
1670 324 1744 360 pro
1766 311 1807 347 in
1828 311 2071 348 toto-Ionio
2092 312 2214 348 Fian-

87 377 172 415 cius
202 377 265 413 ‘in
285 380 377 414 tuto
392 376 400 391 '
427 376 633 413 Baehrens
655 373 853 411 ‘intrato’
875 374 1156 423 temptassent,
1178 370 1254 408 etsi
1283 371 1387 407 illud
1416 371 1562 408 fortius
1592 377 1678 408 erat
1707 376 1747 409 et
1777 385 1800 409 a
1834 372 1981 409 Seneca
2004 373 2093 421 (Ass.
2115 373 2209 420 527)

86 438 235 476 totiens
256 437 442 486 Properti
463 437 666 473 imitatore
688 435 927 472 stabilitum.

193 499 314 536 finem
334 498 480 535 faciam
509 498 552 534 in
577 498 639 534 IV
666 509 692 533 x
720 497 772 534 43
793 497 864 533 ubi
890 495 1115 532 immeritos
1135 494 1233 531 tulit
1252 493 1420 543 plausus
1442 493 1654 531 Schraderi
1681 494 1910 532 emendatio
1931 501 1939 514 ⁴
1957 495 2014 531 illi
2036 494 2217 543 uirgatas

86 560 307 598 «maculanti
337 560 525 608 sanquine
553 558 718 601 bracas,'
750 571 831 608 qua
859 557 1041 594 nondum
1067 556 1194 593 incisa
1223 555 1319 604 gula
1348 556 1488 592 bracae
1518 556 1714 605 sanguine
1743 556 1937 593 maculari
1960 560 2215 605 praeposten¹

87 621 291 659 dicuntur.
348 620 456 656 hunc
484 619 610 668 igitur
638 632 774 657 rerum
804 619 987 657 ordinem
1016 617 1271 656 commendat
1302 617 1509 660 Schrader,
1538 617 1774 667 Propertius
1802 630 1898 655 uero
1927 618 2035 655 hunc
2065 620 2122 665 (u.
2146 619 2212 661 37)

87 682 305 719 ‘desecta
323 681 512 718 Tolumni
532 681 696 718 ceruix
711 681 713 731 ζ
728 682 932 718 Romanos
954 693 1036 717 san
1047 679 1192 728 guine
1212 679 1335 715 lauit
1353 678 1502 728 equos.’
1533 679 1707 716 talemne
1720 682 1767 715 ut
1779 678 1943 716 lucreris
1961 679 2215 719 sententiam,

84 756 227 781 uersus
243 743 369 780 uerba
388 745 546 792 praeter
565 755 694 780 unum
715 743 850 780 omnia
870 742 1008 780 uexari
1028 741 1227 791 patieris?
1257 754 1338 778 non
1359 740 1488 778 credo.
1528 740 1654 777 immo
1675 739 1809 790 potius
1827 739 2088 777 Lachmanno
2103 740 2213 777 uiam

86 809 314 855 praeeunte,
336 804 487 842 eisdem
516 804 660 841 litteris
690 805 871 842 iaculans
899 805 930 841 it
952 816 1024 854 pro
1055 801 1318 840 ‘iaculantis’
1352 801 1616 852 rescripseris,
1650 804 1693 838 m‘
1727 805 1820 838 ante
1853 807 1861 820 ⁴
1879 801 2068 850 uirgatis’
2097 801 2216 838 amis-

87 879 178 903 sum
220 866 307 904 loco
351 878 423 903 suo
461 864 712 903 reddideris}
783 866 838 904 sic
875 865 1035 903 uidebis
1073 864 1349 901 Virdomarun
1385 864 1503 900 illum
1542 863 1661 900 modo
1699 864 1855 900 uestitu
1898 863 2099 912 insignem
2137 864 2215 900 tela

86 928 358 965 intentantem
384 930 477 964 ante
503 927 667 975 agmina
696 941 862 965 suorum
892 928 1115 978 procedere,
1136 927 1256 963 modo
1286 939 1309 963 a
1329 926 1513 963 Romano
1535 926 1634 963 duce
1658 925 1890 973 iugulatum
1920 925 2219 974 spoliatumque

86 990 234 1027 iacere:
278 989 435 1026 uidebis
470 989 579 1038 quod
612 989 820 1027 Romanus
855 989 1117 1038 Gallicusque
1151 987 1346 1025 exercitus
1377 987 1571 1024 uiderunt
1601 987 1633 1023 si
1672 987 1771 1024 fides
1804 986 2025 1023 Plutarcho
2063 987 2105 1022 in
2135 988 2216 1022 vita

86 1051 269 1088 ,Μανσθῖἶί
282 1065 312 1089 C.
330 1050 350 1088 7
369 1051 408 1088 εἰ]
430 1050 544 1100 τούτῳ
562 1049 599 1088 ἶὲ
616 1051 777 1088 κατ-ιῖὼν
794 1054 812 1088 ὁ
828 1059 899 1089 τῶν
915 1055 1101 1088 Γαλατῶν
1113 1048 1467 1097 βασιλεὺς-πολὺ
1490 1049 1572 1099 πρὸ
1600 1056 1682 1086 τῶν
1709 1050 1861 1086 ἄλλων
1887 1049 2083 1091 ἐξελείσιι
2096 1066 2111 1087 ς
2138 1051 2217 1090 ἅμα

89 1112 132 1166 τῇ
151 1117 255 1166 φωνῇ
276 1109 518 1159 προκλητικὸν
539 1114 797 1157 ἐπαλαλάζων
819 1114 875 1149 καὶ
896 1114 943 1150 τὸ
965 1111 1069 1161 δόρυ
1090 1111 1348 1161 κραδαίνων
1368 1111 1462 1159 ἀνὴρ
1479 1110 1622 1161 μεγέθει
1638 1127 1673 1148 τε
1694 1112 1867 1159 σώματος
1890 1112 1951 1146 καὶ
1968 1112 2160 1159 πανοπλίᾳ
2177 1110 2217 1146 ἐν

86 1176 236 1227 ἀργύρῳ
253 1179 311 1212 καὶ
332 1180 458 1227 χρυσῷ
479 1178 539 1213 καὶ
565 1177 740 1224 βαφαῖς
766 1175 824 1212 καὶ
843 1180 934 1211 πᾶσι
954 1178 1211 1221 ποικίλμασιν,
1235 1172 1354 1223 ὥσπερ
1375 1172 1557 1222 εἰστράπη,
1581 1170 1764 1223 διαφέρων
1784 1171 1999 1226 στιλβούσῃ.

195 1237 264 1275 sed
296 1238 394 1275 haec
433 1238 652 1275 hactenus:
695 1237 744 1274 de
777 1235 918 1273 ceteris
948 1235 1027 1273 alio
1057 1239 1248 1285 tempore,
1287 1234 1320 1271 si
1353 1235 1416 1272 dis
1449 1233 1634 1284 placebit,
1666 1233 1923 1270 disseremus.
1981 1246 2087 1270 nunc
2121 1233 2220 1269 uiris·

87 1298 216 1337 doctis
236 1298 390 1336 Arturo
409 1298 571 1336 Palmer
591 1302 630 1336 et
650 1298 819 1335 Alberto
838 1297 884 1333 E.
907 1297 1123 1333 Housman
1143 1300 1270 1333 restat
1290 1299 1338 1333 ut
1359 1295 1510 1345 gratias
1531 1294 1687 1332 debitas
1708 1307 1875 1343 agamus
1895 1293 1978 1343 qui,
2000 1307 2090 1331 cum
2113 1293 2218 1331 inco-

86 1361 204 1399 hatas
224 1361 296 1397 has
326 1373 440 1398 curas
462 1360 731 1410 inspiciendas
760 1359 818 1396 eis
839 1359 1103 1402 misissemus,
1125 1357 1332 1408 complura
1352 1359 1400 1395 de
1429 1356 1693 1395 emendandis
1714 1357 1762 1393 iis
1782 1356 2014 1393 monuerint
2036 1362 2073 1393 et
2095 1356 2220 1393 amice

86 1428 125 1461 et
145 1423 314 1460 utiliter.

173 1525 479 1559 CANTABRIGIAE
503 1533 697 1558 SCRIPTVM
716 1525 770 1558 ID.
792 1524 900 1557 SEPT.
922 1530 1156 1556 MDCCCXCIV.

175 1636 185 1655 ¹
211 1637 277 1669 hae
293 1637 391 1678 ipsae
408 1636 569 1679 syllabae
586 1635 755 1668 confusae
772 1633 868 1677 apud
885 1633 1065 1667 Velleium
1083 1633 1119 1665 ΙΙ
1138 1634 1190 1666 29.
1207 1634 1228 1665 '2
1250 1631 1368 1665 locum
1392 1631 1565 1665 dederunt
1591 1630 1748 1674 optimae
1773 1629 1951 1672 Maduigii
1975 1628 2217 1663 emendationi

88 1689 184 1722 Acln.
207 1689 223 1721 I
240 1699 272 1731 p.
296 1691 344 1722 18.
