2518 3973
1098 218 1300 252 PRAEFA
1309 219 1361 252 TI
1361 219 1388 254 0
2288 236 2311 258 v

188 326 350 378 quidem
371 327 613 371 traiciendis,
628 327 736 378 quod
756 327 998 365 emendandi
1018 328 1204 379 Properti
1218 342 1346 379 genus
1366 343 1539 379 magnus
1555 330 1622 368 ille
1638 331 1817 382 Scaliger
1830 333 1986 371 inuenit
1999 334 2310 384 infamauitque,

186 389 359 427 fortasse
372 390 577 439 aliquibus
589 389 795 427 liberiores
808 389 1051 428 uidebimur.
1090 403 1181 428 cum
1195 391 1303 428 enim
1317 392 1538 442 suptilioris
1554 393 1721 431 rationis
1737 394 1899 431 acrioris
1912 395 2135 433 industriae
2150 396 2312 434 maioris

187 451 308 488 etiam
330 450 496 500 peritiae
518 450 571 487 sit
591 463 671 500 quo
692 450 872 500 quidque
896 451 1037 490 ordine
1067 453 1216 490 dixerit
1239 458 1358 503 poeta
1387 467 1510 504 quam
1539 455 1639 504 quid
1667 456 1814 493 dixerit
1838 457 1987 501 uidere,
2008 457 2312 495 traiectionibus

185 525 379 549 uersuum
399 512 522 549 etiam
538 512 768 550 necessariis
789 512 1065 562 compluribus
1085 515 1223 552 nocuit
1242 515 1424 552 uirorum
1443 516 1652 554 doctorum
1673 521 1818 554 notatu
1837 518 1961 566 digna
1980 518 2146 561 incuria,
2166 519 2313 556 horum

187 573 272 610 sine
291 573 544 622 argumentis
557 574 942 618 commendantium,
957 575 1120 612 illorum
1137 576 1225 626 pari
1240 576 1408 615 leuitate
1420 578 1674 616 indemnatas
1686 579 1974 628 iugulantium.
2032 592 2134 629 quae
2149 592 2240 616 011111
2255 580 2314 617 ita

186 635 279 677 sint,
295 635 426 684 primo
439 634 509 684 qui
524 635 830 673 traiectionibus
841 637 1006 674 omnino
1022 638 1185 686 negabit
1200 639 1412 683 utendum,
1426 639 1629 677 abstineat
1642 653 1810 677 manum
1829 653 1853 677 a
1872 641 2094 690 Propertio.
2151 641 2184 678 is
2204 641 2311 678 enim

184 695 304 733 iudex
324 699 386 733 est
402 695 473 746 qui
489 696 588 746 quid
603 696 709 733 inter
724 700 864 746 poetae
880 699 1063 736 membra
1075 700 1243 738 disiecta
1254 704 1294 738 et
1309 714 1447 751 scopas
1460 702 1657 751 quasdam
1673 703 1891 740 dissolutas
1906 703 2065 741 intersit
2079 703 2312 751 dignoscere

183 761 370 807 nequeat.
427 757 573 795 deinde
590 757 670 796 illis
691 759 761 808 qui
780 759 904 797 talem
923 761 1034 798 uiam
1055 762 1213 811 ingredi
1230 775 1311 799 non
1340 763 1566 812 refugerint
1594 767 1688 801 ante
1714 764 1850 801 omnia
1875 764 2182 802 Ciceronianum
2210 763 2314 801 illud

183 818 403 857 uidendum
427 823 487 857 est
508 825 516 839 ‘
531 821 761 869 quatenus.'
832 835 926 858 nam
948 823 997 860 de
1018 823 1265 861 carminibus
1285 824 1365 861 alia
1385 825 1475 861 aliis
1501 825 1630 862 multo
1650 826 1781 873 magis
1807 826 1951 863 misere
1977 830 2138 875 accepta
2167 831 2264 862 sunt
2289 839 2313 862 a

181 881 358 919 librariis
378 885 424 918 ut
443 882 614 920 fortasse
627 882 749 920 etiam
770 896 817 921 ex
836 883 992 922 laciniis
1007 885 1253 934 quibusdam
1267 886 1404 924 reficta
1417 886 1530 924 haud
1549 887 1723 925 absurde
1738 892 1867 937 putes,
1885 901 1965 938 quo
1986 888 2034 926 de
2055 901 2196 937 genere
2218 892 2313 925 sunt

181 943 228 980 II
247 943 301 988 vi,
320 943 391 980 III
410 943 477 988 vii,
499 944 560 981 IV
579 944 630 982 xi.
678 945 721 981 in
741 945 891 995 quibus
913 946 947 983 si
967 959 1064 984 uera
1084 948 1212 986 teneri
1231 961 1313 985 non
1333 952 1537 998 poterunt,
1550 948 1593 985 in
1614 949 1699 986 ueri
1719 949 1937 986 simillimis
1964 950 2039 987 erit
2061 950 2310 999 acquiescen-

181 1006 292 1049 dum,
312 1019 395 1050 nec,
419 1006 451 1043 si
480 1007 616 1044 omnia
643 1017 724 1044 non
752 1011 957 1057 poterunt,
979 1008 1127 1047 idcirco
1156 1009 1269 1047 nulla
1297 1011 1468 1049 uulnera
1497 1011 1699 1057 sananda;
1729 1015 1769 1049 et
1795 1011 1989 1061 quoniam
2013 1010 2136 1047 huius
2156 1011 2312 1060 praefa-

181 1067 304 1105 tionis
326 1068 424 1105 fines
443 1068 667 1117 longiorem
688 1069 909 1106 excludunt
930 1070 1261 1120 disputationem,
1283 1075 1478 1121 quattuor
1506 1076 1667 1110 tantum
1697 1073 1901 1122 exemplis,
1922 1086 1971 1110 ne
1998 1072 2184 1109 absentes
2206 1072 2313 1109 subi-

180 1129 306 1167 tariae
340 1130 529 1167 audaciae
563 1130 815 1176 damnemur,
837 1135 970 1169 cetera
1003 1145 1162 1183 quoque
1191 1146 1215 1171 a
1244 1134 1361 1172 nobis
1392 1135 1548 1173 ratione
1577 1139 1685 1173 certa
1715 1135 1800 1172 siue
1827 1134 1945 1172 traici
1969 1134 2055 1171 siue
2080 1133 2159 1171 alio
2191 1133 2310 1171 modo

180 1191 333 1227 mutari
352 1191 504 1241 peritos
524 1192 769 1230 docebimus.

286 1265 332 1290 ac
350 1253 481 1302 primo
501 1254 664 1303 quidem
692 1255 779 1292 loco
808 1268 1004 1305 ponemus
1032 1256 1092 1294 IV
1117 1257 1171 1294 vii
1201 1258 1237 1301 3,
1267 1258 1293 1295 4
1322 1264 1330 1278 ‘
1350 1259 1527 1309 Cynthia
1556 1273 1730 1309 namque
1758 1271 1847 1297 meo
1876 1258 1964 1296 uisa
1993 1261 2053 1296 est
2079 1257 2310 1295 incumbere

178 1313 310 1351 fulcro
336 1312 339 1364 Ι
367 1327 495 1364 nuper
514 1314 567 1352 ad
586 1319 786 1354 extremae
804 1330 991 1355 murmur
1010 1319 1181 1356 humata
1201 1320 1290 1358 uiae
1304 1320 1325 1358 '.
1382 1322 1479 1359 haec
1499 1322 1548 1359 de
1569 1322 1747 1372 Cynthia
1764 1323 1877 1359 iuxta
1898 1322 2008 1359 uiam
2029 1321 2107 1359 sita
2127 1324 2198 1358 aut
2222 1334 2308 1370 per-

178 1389 294 1414 uerse
313 1377 617 1426 interpretando
638 1382 709 1415 aut
730 1384 738 1398 ‘
752 1381 951 1418 marmor’
971 1381 1037 1418 uel
1057 1387 1065 1401 ‘
1084 1382 1290 1431 margine’
1312 1383 1560 1421 inferciendo
1581 1384 1691 1422 dicta
1717 1398 1802 1422 esse
1829 1387 1990 1433 cogunt.
2047 1382 2178 1432 quid?
2209 1395 2309 1419 num

178 1438 355 1488 Appiam
391 1439 638 1488 ignoramus,
668 1445 918 1490 praetextam
958 1443 1182 1492 sepulchris
1199 1443 1215 1481 :2
1264 1458 1365 1482 num
1402 1446 1605 1490 Latinam,
1637 1459 1737 1483 num
1775 1445 2032 1487 Flaminiam,
2070 1457 2171 1481 num
2209 1443 2309 1480 alias

179 1500 405 1538 sescentas?
428 1501 576 1538 mirum
595 1502 637 1539 ni
657 1503 700 1539 in
719 1503 855 1553 aliqua
874 1503 1141 1543 uia'extrema
1162 1506 1320 1556 sepulta
1340 1512 1445 1545 esset
1465 1508 1654 1558 Cynthia.
1700 1507 1789 1545 ‘sed
1804 1508 1902 1545 heus
1916 1507 1998 1544 tul’
2013 1506 2147 1555 inquit
2163 1505 2310 1555 aliquis

179 1569 187 1583 ‘
203 1563 439 1613 Propertius
451 1561 592 1601 *nonne
609 1564 759 1602 sciebat
774 1565 907 1603 locum
922 1566 994 1603 ubi
1007 1567 1151 1604 iaceret
1169 1581 1242 1605 sua
1258 1568 1463 1618 Cynthia?
1494 1583 1563 1607 cur
1578 1570 1706 1620 igitur
1722 1569 1762 1606 in
1774 1582 1815 1607 re
1827 1572 1924 1606 nota
1936 1568 2061 1605 uerba
2073 1567 2256 1616 perderet
2270 1568 2287 1603 ’ἐ
2303 1566 2311 1582 ’

178 1625 311 1661 audio.
371 1625 531 1674 scripsit
552 1638 647 1663 uero
668 1626 904 1675 Propertius
924 1641 1006 1665 non
1027 1629 1104 1666 sibi
1121 1630 1192 1679 qui
1213 1630 1365 1668 sciebat
1386 1631 1456 1668 sed
1473 1631 1551 1668 tibi
1571 1632 1643 1681 qui
1671 1632 1813 1669 nescis.
1868 1644 1949 1668 non
1969 1630 2067 1667 tulit
2087 1630 2160 1666 has
2181 1642 2310 1677 nugas

180 1686 393 1724 Housman
422 1687 613 1734 (Journal
635 1688 680 1736 of
698 1689 905 1738 Philoloqy
934 1690 998 1727 xvi
1018 1704 1056 1740 p.
1081 1690 1164 1739 14),
1186 1692 1258 1742 qui
1277 1696 1414 1730 tamen
1434 1706 1524 1731 cum
1553 1693 1651 1731 dicit
1679 1693 1731 1730 ad
1761 1693 2004 1730 sententiam
2034 1691 2198 1741 quidem
2229 1703 2308 1728 rec-

176 1747 332 1785 tissime
367 1748 627 1798 Propertium
660 1754 681 1769 “
695 1750 865 1787 scribere
895 1750 1083 1789 debuisse
1116 1758 1124 1772 ‘
1145 1753 1285 1790 Tibure
1319 1754 1371 1790 acl
1404 1758 1612 1792 extremam
1648 1768 1779 1804 nuper
1807 1755 1977 1791 humata
2009 1755 2119 1790 viam
2136 1753 2144 1767 '
2162 1752 2198 1796 '',
2231 1766 2309 1789 non

178 1809 386 1859 scripsisse
406 1809 494 1859 ipso
514 1810 639 1847 uerbo
659 1811 823 1849 fatetur.
883 1813 983 1862 quid
1002 1814 1164 1852 multa?
1191 1819 1238 1852 ut
1267 1829 1374 1853 nunc
1398 1829 1461 1854 res
1491 1830 1532 1854 se
1559 1817 1696 1861 habet,
1717 1818 1916 1868 Cynthiae
1947 1816 2148 1866 sepulchri
2177 1815 2310 1853 locum

177 1871 249 1908 ubi
274 1885 356 1909 non
374 1872 588 1915 attinebat,
612 1873 675 1910 bis
705 1875 1038 1913 commemorauit
1067 1876 1318 1926 Propertius,
1345 1878 1417 1915 ubi
1446 1892 1606 1917 necesse
1634 1883 1732 1922 erat,
1752 1892 1802 1917 ne
1832 1879 1955 1917 semel
1984 1878 2160 1928 quidem.
2217 1891 2311 1927 ergo

177 1933 285 1982 quod
305 1933 394 1971 dest
413 1946 459 1971 eo
480 1935 587 1984 quod
609 1939 792 1983 superest
807 1937 1026 1986 expleatur,
1042 1951 1109 1975 uu.
1127 1939 1190 1982 81,
1208 1940 1258 1977 82
1279 1943 1372 1989 post
1391 1941 1417 1977 4
1434 1941 1626 1978 traiectis.
1683 1943 1735 1980 ad
1748 1942 1859 1979 uiam
1877 1941 2034 1991 sepulta
2048 1944 2108 1978 est
2130 1940 2310 1977 Tibure

177 1995 307 2044 apud
331 1995 567 2033 Anienem
598 1996 832 2036 fluuium.
892 1999 1025 2037 iamne
1045 2001 1162 2038 audis
1183 2001 1287 2039 illud
1308 2008 1316 2022 ⁴
1331 2015 1516 2040 murmur
1532 2003 1572 2040 Ῥ
1604 2008 1704 2053 puto
1725 2004 1804 2040 nisi
1825 2002 1972 2041 surdus
1983 2015 2036 2039 es.
2087 2002 2195 2051 quod
2212 2002 2245 2038 si
2260 2015 2311 2039 ne

176 2070 316 2095 caecus
337 2058 512 2107 quidem,
533 2058 636 2096 illud
662 2059 913 2108 epigramma
940 2061 1051 2111 legas
1081 2064 1189 2113 quod
1217 2064 1359 2102 laudat
1385 2065 1670 2103 Broukhusius
1696 2066 1748 2103 ad
1773 2065 1842 2103 loc.
1867 2064 2097 2113 ‘inscriptio
2122 2067 2241 2101 uetus
2269 2063 2309 2099 in

176 2122 299 2167 ponte
328 2119 482 2157 Salario
512 2133 630 2170 super
656 2121 868 2160 Anienem.
926 2135 1146 2162 CALCAMvs
1177 2155 1185 2163 .
1214 2137 1396 2163 RAPIDAs
1427 2157 1435 2165 .
1467 2139 1660 2164 svssrncm
1687 2158 1694 2165 .
1723 2138 1922 2164 Gvnerms
1954 2156 1961 2164 .
1991 2137 2129 2162 VNDAs
2157 2155 2164 2163 .
2192 2125 2196 2176 Ι
2224 2137 2273 2161 ET
2301 2154 2308 2162 .

178 2191 326 2218 LICET.
349 2192 506 2218 IRATAE
530 2211 537 2219 .
559 2194 758 2220 oERNERE
782 2213 789 2221 .
811 2196 997 2221 MVRMVR
1020 2215 1027 2223 .
1048 2187 1214 2230 AQVAE.'

283 2246 445 2280 transeo
464 2242 517 2279 ad
536 2243 597 2280 IV
616 2244 645 2280 ii
666 2245 715 2281 35
738 2258 796 2295 sq.
820 2249 903 2283 ‘est
923 2247 1046 2284 etiam
1066 2248 1229 2298 aurigae
1254 2249 1405 2300 species
1424 2250 1679 2288 Vertumnus
1695 2255 1736 2288 et
1755 2251 1852 2295 eius,
1879 2249 1884 2300 Ι
1908 2250 2043 2288 traicit
2061 2250 2217 2288 alterno
2238 2252 2308 2301 qui

176 2302 267 2340 leue
295 2303 454 2353 pondus
476 2304 616 2354 equo’.
664 2306 761 2344 haec
787 2311 858 2344 aut
879 2309 1017 2358 spuria
1043 2314 1117 2347 aut
1147 2316 1335 2361 corrupta
1364 2325 1450 2350 esse
1481 2313 1708 2351 fatendum.
1767 2313 1904 2363 spuria
1930 2316 2020 2350 tum
2040 2314 2204 2351 demum
2225 2326 2310 2351 esse

177 2365 392 2403 concedam
412 2379 504 2403 cum
525 2367 626 2405 alter
646 2368 713 2406 ille
732 2369 969 2419 Propertius
989 2371 1061 2421 qui
1080 2386 1119 2410 u.
1142 2373 1191 2410 36
1215 2374 1417 2423 scripserit
1439 2378 1533 2412 ante
1554 2375 1690 2413 oculos
1710 2375 1812 2412 mihi
1833 2375 2010 2413 sistetur.
2060 2376 2308 2425 corruptelae

178 2427 289 2464 haud
307 2440 436 2464 unum
454 2428 647 2466 indicium
662 2434 732 2468 est.
787 2432 967 2481 primum
982 2434 1091 2483 quod
1113 2440 1121 2454 ‘
1134 2439 1375 2474 uertumnos
1389 2436 1397 2451 '
1419 2437 1577 2487 aliquos
1598 2437 1734 2480 habes,
1756 2450 1910 2474 nouum
1931 2442 2054 2487 atque
2075 2438 2308 2476 inauditum

177 2489 414 2538 aurigarum
443 2494 484 2527 et
510 2491 763 2530 desultorum
790 2505 940 2542 genus3
972 2494 1117 2533 deinde
1148 2496 1251 2534 illud
1285 2497 1395 2547 quod
1428 2503 1644 2536 uertumno
1676 2499 1760 2543 hoc,
1781 2499 1814 2536 si
1842 2512 1885 2536 re
1913 2512 2009 2536 uera
2038 2499 2187 2549 aliquis
2213 2500 2307 2545 fuit,

177 2549 282 2587 nihil
301 2551 430 2600 magis
450 2552 758 2602 ἀπροσδιόνυσον.
814 2555 942 2605 ipsius
963 2557 1071 2594 enim
1092 2557 1156 2595 dei
1177 2561 1398 2608 εὐτραπελία
1420 2561 1613 2610 exemplis
1634 2561 1890 2599 inlustranda
1910 2566 2007 2605 erat,
2023 2574 2103 2598 non
2123 2562 2308 2612 equitum

179 2612 327 2661 species
347 2616 387 2650 et
407 2614 648 2662 cognomina
666 2616 914 2666 explicanda.
952 2618 1088 2668 itaque
1109 2633 1238 2657 unum
1260 2621 1309 2658 de
1330 2621 1488 2659 duobus
1509 2622 1676 2660 tolletur
1696 2623 1890 2660 mendum
1911 2623 1945 2660 si
1965 2636 2037 2673 pro
2058 2628 2140 2661 ‘est
2161 2624 2284 2661 etiam
2299 2624 2307 2639 '

177 2677 249 2710 aut
271 2679 279 2692 ‘
295 2674 492 2712 mentiar'
515 2680 587 2712 aut
608 2684 616 2696 ‘
630 2677 821 2715 asciscam
837 2677 845 2692 ’
867 2678 1037 2728 legetur.
1094 2682 1265 2719 restabit
1288 2686 1427 2720 tamen
1458 2683 1634 2722 alterum
1663 2685 1772 2734 quod
1794 2697 1951 2722 mecum
1971 2685 2095 2722 uelim
2115 2686 2307 2735 explores.

177 2735 318 2772 multis
339 2735 420 2772 iam
439 2737 625 2786 exposuit
640 2738 891 2778 Vertumnus
905 2754 1028 2791 quam
1044 2746 1166 2792 aptus
1185 2744 1328 2781 formis
1349 2745 1539 2782 omnibus
1559 2746 1658 2783 deus
1679 2750 1795 2783 esset.
1836 2751 1844 2766 ⁶
1859 2747 2038 2784 cuiusuis
2054 2747 2106 2784 ad
2120 2748 2307 2797 speciem'

177 2797 312 2846 inquit
334 2803 342 2817 ‘
358 2810 422 2835 me
442 2811 563 2845 orna3
596 2799 680 2849 ipse
700 2800 815 2839 fiam:
847 2802 889 2838 in
909 2803 1032 2840 armis
1052 2804 1180 2848 miles,
1202 2805 1389 2843 demissis
1410 2806 1452 2843 111
1471 2807 1619 2844 tunicis
1642 2808 1816 2852 institor,
1836 2808 2011 2858 piscator
2031 2822 2121 2846 cum
2143 2809 2306 2853 calamo,

177 2871 269 2895 cum
290 2859 406 2896 corbe
427 2872 579 2897 messor
594 2860 622 2898 ²:
644 2862 786 2911 auriga
804 2876 899 2901 uero
919 2868 959 2902 et
979 2865 1162 2904 desultor
1176 2880 1257 2917 quo
1274 2867 1448 2918 denique
1461 2873 1551 2906 cum
1566 2869 1708 2907 habitu
1723 2870 1739 2908 Ρ
1770 2883 1869 2907 1111111
1885 2871 2133 2908 Vertumni?
2163 2885 2306 2921 nugae.

177 2919 302 2957 immo
322 2934 411 2958 cum
433 2934 478 2958 00
499 2922 607 2971 quod
628 2927 848 2974 utrumque
869 2926 1124 2975 significabit,
1147 2934 1155 2948 ‘
1173 2942 1260 2966 cum
1280 2930 1434 2967 uerbere
1448 2931 1470 2968 '.
1515 2931 1589 2969 hoc
1605 2932 1714 2981 quod
1730 2932 1930 2969 sententia
1943 2933 2124 2982 postulat
2138 2934 2308 2971 fortasse

177 2994 201 3018 a
221 2981 368 3030 scripto
388 2981 549 3031 longius
570 2984 708 3022 abesse
729 2986 947 3025 uidebitur.
1005 2989 1119 3026 abest
1139 2993 1276 3027 tamen
1305 2991 1417 3028 haud
1442 2991 1500 3029 ita
1527 2993 1714 3030 multum.
1772 2994 1977 3031 intercidit
1998 2995 2061 3031 ber
2077 2998 2169 3044 post
2193 3009 2268 3038 uer,
2291 3009 2309 3031 e

178 3047 271 3080 ante
304 3046 348 3085 et,
381 3048 421 3081 et
448 3045 616 3083 confusa
650 3051 756 3089 sunt,
789 3047 892 3085 sicut
924 3050 1149 3094 sescentieS,
1180 3064 1197 3087 c
1227 3056 1267 3089 et
1298 3055 1337 3094 t,·
1369 3052 1506 3103 itaque
1540 3056 1694 3092 tumner
1726 3068 1750 3092 a
1784 3054 1958 3093 librariis
1989 3061 2117 3093 metro
2149 3069 2308 3106 quoquc

179 3105 376 3142 suadente
397 3119 638 3144 conuersum
659 3108 699 3145 111
722 3113 896 3152 uerbum<
906 3124 979 3147 nus
989 3118 1021 3155 >.

285 3167 404 3204 tertio
433 3166 518 3205 loco
548 3168 618 3205 III
648 3169 685 3205 xi
715 3170 764 3206 35
798 3183 882 3221 sqq.
912 3173 1190 3217 tractabimus,
1221 3174 1263 3211 in
1296 3188 1375 3225 quo
1411 3177 1587 3214 carmine
1621 3177 1789 3228 simplex
1819 3182 1859 3215 et
1888 3179 2103 3216 cohaerens
2138 3180 2306 3217 materia

178 3227 415 3277 Cleopatrae
434 3229 644 3268 foeditatis
664 3231 926 3283 Augustique
948 3234 1132 3272 laudium
1161 3250 1185 3274 a
1216 3237 1392 3275 librariis
1414 3242 1499 3276 tam
1526 3239 1691 3288 indigne
1721 3240 1863 3276 habita
1882 3245 1943 3277 est
1963 3244 2009 3277 ut
2031 3240 2140 3277 haud
2159 3241 2306 3278 iniuria

178 3289 286 3326 inter
298 3291 601 3340 corruptissima
613 3293 654 3330 id
668 3293 803 3343 ipsum
818 3294 1033 3334 habeatur.
1082 3301 1129 3335 ut
1145 3299 1354 3336 exordium
1368 3300 1419 3337 ab
1432 3313 1477 3338 eo
1493 3301 1602 3350 quod
1623 3305 1779 3338 constet
1798 3301 2005 3344 faciamus,
2021 3302 2306 3341 Lachmannus

179 3363 319 3388 uersus
336 3351 385 3389 36
402 3358 441 3389 et
453 3353 505 3390 40
518 3354 691 3392 alterum
707 3356 749 3392 in
764 3356 930 3395 alterius
946 3358 1078 3396 locum
1096 3360 1267 3398 iusserat
1283 3362 1467 3411 migrare,
1484 3363 1694 3400 uerissime
1709 3379 1715 3399 :
1744 3376 1835 3399 nam
1852 3363 2003 3400 Romae
2020 3364 2305 3413 sempiternam

179 3424 263 3449 esse
282 3416 420 3451 notam
441 3415 547 3464 quod
568 3416 771 3466 Aegyptia
791 3418 941 3457 harena
970 3421 1165 3471 Pompeio
1191 3428 1273 3461 tres
1299 3425 1528 3474 triumphos
1556 3425 1794 3463 detraxisset
1815 3426 1978 3463 Lucano
1998 3425 2163 3475 dignius
2184 3440 2305 3476 quam

179 3473 402 3523 Propertio.
460 3477 618 3515 omissis
638 3479 767 3527 igitur
786 3493 889 3530 quae
908 3494 954 3519 cx
981 3495 1019 3520 u.
1051 3484 1100 3521 35
1132 3484 1182 3521 ab
1214 3499 1293 3523 uno
1323 3486 1355 3523 F
1385 3491 1571 3537 corrupte
1600 3487 1751 3524 tradito
1771 3487 1910 3524 elicere
1930 3487 2067 3525 studet
2087 3488 2306 3542 Baehrens,

179 3535 227 3572 de
250 3548 284 3572 u.
303 3536 355 3573 40
375 3538 554 3586 proxime
575 3540 792 3579 dicendum
812 3546 884 3580 est.
942 3543 984 3581 in
1000 3558 1079 3595 quo
1098 3546 1279 3597 primum
1301 3548 1581 3586 soloecismum
1601 3548 1870 3592 librariorum,
1890 3549 1928 3586 in
1951 3552 1988 3587 et
2009 3549 2072 3593 ad,
2091 3548 2194 3588 sicut
2210 3548 2305 3588 alibi
